@Book{CK11,
  Title                    = {Information theory: coding theorems for discrete memoryless systems},
  Author                   = {Csiszar, I. and K{\"o}rner, J.},
  Publisher                = {Cambridge University Press},
  Year                     = {2011}
}